% zdroj na webe
@misc{COBOL,
	author = "Henry P Stevenson edy",
	title = "Proceedings of a Codasyl Programming Language Committee Symposium on Structured Programming in COBOL ¾ Future and Present",
	howpublished = "\url{http://users.mct.open.ac.uk/mj665/COBOLSP.pdf}",
}

% zdroj na webe
@misc{25mistakes,
	author = "David B. Stewart",
	title = "Twenty-Five Most Common Mistakes with Real-Time Software Development",
	howpublished = "\url{https://webpages.uncc.edu/~jmconrad/ECGR4101-2005-08/Twenty-Five.pdf}",
}

% zdroj na webe
@misc{10commonMistakes,
	author = "Aspire Blog Team",
	title = "The 10 most common mistakes made in software development",
	howpublished = "\url{https://blog.aspiresys.pl/technology/mistakes-in-software-development/}",
}

% zdroj na webe
@misc{10commonAgileMistakes,
	author = "Victor Osetskyi",
	title = "10 Common Mistakes in Agile Software Development",
	howpublished = "\url{https://dzone.com/articles/10-common-mistakes-in-agile-software-development}",
}

% zdroj na webe
@misc{21commonLifetimeMistakes,
	author = "Fabio Silva Lima",
	title = "21 Common Lifetime Mistakes About Software Development",
	howpublished = "\url{https://www.c-sharpcorner.com/article/21-common-lifetime-mistakes-about-software-development/}",
}

% zdroj na webe
@misc{VyvojProces,
	author = "",
	title = "Proces vývoja softvéru",
	howpublished = "\url{http://www.kiwiki.info/index.php/Proces_v%C3%BDvoja_softv%C3%A9ru}",
}

% zdroj na webe
@misc{VyvojProces3,
	author = "Pavol Mederly",
	title = "Softvérové inžinierstvo",
	howpublished = "\url{https://fmfi-uk.hq.sk/Informatika/Principy%20Tvorby%20Software/2001/p1-uvod-studmat.pdf}",
}

% zdroj na webe
@misc{VyvojProces4,
	author = ". Peter Dolog, Mária Bieliková",
	title = "Tvorba softvéru v treťom
tisícročí ",
	howpublished = "\url{http://www2.fiit.stuba.sk/~bielik/courses/msi-slov/kniha/2002/hobiti.pdf}",
}